@inproceedings{DBLP:conf/cade/Bartek021,
  author       = {Filip B{\'{a}}rtek and
                  Martin Suda},
  title        = {Neural Precedence Recommender},
  booktitle    = {Automated Deduction - {CADE} 28 - 28th International Conference on
                  Automated Deduction, Virtual Event, July 12-15, 2021, Proceedings},
  pages        = {525--542},
  year         = {2021},
  crossref     = {DBLP:conf/cade/2021},
  url          = {https://doi.org/10.1007/978-3-030-79876-5\_30},
  doi          = {10.1007/978-3-030-79876-5\_30},
  timestamp    = {Thu, 29 Jul 2021 13:42:16 +0200},
  biburl       = {https://dblp.org/rec/conf/cade/Bartek021.bib},
  bibsource    = {dblp computer science bibliography, https://dblp.org}
}

@inproceedings{DBLP:conf/lpar/Bartek023,
  author       = {Filip B{\'{a}}rtek and
                  Martin Suda},
  title        = {How Much Should This Symbol Weigh? {A} GNN-Advised Clause Selection},
  booktitle    = {{LPAR} 2023: Proceedings of 24th International Conference on Logic
                  for Programming, Artificial Intelligence and Reasoning, Manizales,
                  Colombia, 4-9th June 2023},
  pages        = {96--111},
  year         = {2023},
  crossref     = {DBLP:conf/lpar/2023},
  url          = {https://doi.org/10.29007/5f4r},
  doi          = {10.29007/5F4R},
  timestamp    = {Sat, 30 Sep 2023 09:52:10 +0200},
  biburl       = {https://dblp.org/rec/conf/lpar/Bartek023.bib},
  bibsource    = {dblp computer science bibliography, https://dblp.org}
}

% RankNet
@inproceedings{DBLP:conf/icml/BurgesSRLDHH05,
  author       = {Christopher J. C. Burges and
                  Tal Shaked and
                  Erin Renshaw and
                  Ari Lazier and
                  Matt Deeds and
                  Nicole Hamilton and
                  Gregory N. Hullender},
  title        = {Learning to rank using gradient descent},
  booktitle    = {Machine Learning, Proceedings of the Twenty-Second International Conference
                  {(ICML} 2005), Bonn, Germany, August 7-11, 2005},
  pages        = {89--96},
  year         = {2005},
  crossref     = {DBLP:conf/icml/2005},
  url          = {https://doi.org/10.1145/1102351.1102363},
  doi          = {10.1145/1102351.1102363},
  timestamp    = {Wed, 28 Nov 2018 12:57:16 +0100},
  biburl       = {https://dblp.org/rec/conf/icml/BurgesSRLDHH05.bib},
  bibsource    = {dblp computer science bibliography, https://dblp.org}
}
@proceedings{DBLP:conf/icml/2005,
  editor       = {Luc De Raedt and
                  Stefan Wrobel},
  title        = {Machine Learning, Proceedings of the Twenty-Second International Conference
                  {(ICML} 2005), Bonn, Germany, August 7-11, 2005},
  series       = {{ACM} International Conference Proceeding Series},
  volume       = {119},
  publisher    = {{ACM}},
  year         = {2005},
  isbn         = {1-59593-180-5},
  timestamp    = {Fri, 23 Feb 2024 15:03:37 +0100},
  biburl       = {https://dblp.org/rec/conf/icml/2005.bib},
  bibsource    = {dblp computer science bibliography, https://dblp.org}
}

% DirectRanker
@inproceedings{DBLP:conf/pkdd/KoppelSWPK019,
  author       = {Marius K{\"{o}}ppel and
                  Alexander Segner and
                  Martin Wagener and
                  Lukas Pensel and
                  Andreas Karwath and
                  Stefan Kramer},
  title        = {Pairwise Learning to Rank by Neural Networks Revisited: Reconstruction,
                  Theoretical Analysis and Practical Performance},
  booktitle    = {Machine Learning and Knowledge Discovery in Databases - European Conference,
                  {ECML} {PKDD} 2019, W{\"{u}}rzburg, Germany, September 16-20,
                  2019, Proceedings, Part {III}},
  pages        = {237--252},
  year         = {2019},
  crossref     = {DBLP:conf/pkdd/2019-3},
  url          = {https://doi.org/10.1007/978-3-030-46133-1\_15},
  doi          = {10.1007/978-3-030-46133-1\_15},
  timestamp    = {Fri, 09 Apr 2021 18:44:23 +0200},
  biburl       = {https://dblp.org/rec/conf/pkdd/KoppelSWPK019.bib},
  bibsource    = {dblp computer science bibliography, https://dblp.org}
}
@proceedings{DBLP:conf/pkdd/2019-3,
  editor       = {Ulf Brefeld and
                  {\'{E}}lisa Fromont and
                  Andreas Hotho and
                  Arno J. Knobbe and
                  Marloes H. Maathuis and
                  C{\'{e}}line Robardet},
  title        = {Machine Learning and Knowledge Discovery in Databases - European Conference,
                  {ECML} {PKDD} 2019, W{\"{u}}rzburg, Germany, September 16-20,
                  2019, Proceedings, Part {III}},
  series       = {Lecture Notes in Computer Science},
  volume       = {11908},
  publisher    = {Springer},
  year         = {2020},
  url          = {https://doi.org/10.1007/978-3-030-46133-1},
  doi          = {10.1007/978-3-030-46133-1},
  isbn         = {978-3-030-46132-4},
  timestamp    = {Fri, 23 Feb 2024 19:21:54 +0100},
  biburl       = {https://dblp.org/rec/conf/pkdd/2019-3.bib},
  bibsource    = {dblp computer science bibliography, https://dblp.org}
}

@inproceedings{DBLP:conf/itp/GoertzelJKOPU22,
  author       = {Zarathustra Amadeus Goertzel and
                  Jan Jakubuv and
                  Cezary Kaliszyk and
                  Miroslav Ols{\'{a}}k and
                  Jelle Piepenbrock and
                  Josef Urban},
  title        = {The Isabelle {ENIGMA}},
  booktitle    = {13th International Conference on Interactive Theorem Proving, {ITP}
                  2022, August 7-10, 2022, Haifa, Israel},
  pages        = {16:1--16:21},
  year         = {2022},
  crossref     = {DBLP:conf/itp/2022},
  url          = {https://doi.org/10.4230/LIPIcs.ITP.2022.16},
  doi          = {10.4230/LIPICS.ITP.2022.16},
  timestamp    = {Tue, 21 Mar 2023 20:54:52 +0100},
  biburl       = {https://dblp.org/rec/conf/itp/GoertzelJKOPU22.bib},
  bibsource    = {dblp computer science bibliography, https://dblp.org}
}
@proceedings{DBLP:conf/itp/2022,
  editor       = {June Andronick and
                  Leonardo de Moura},
  title        = {13th International Conference on Interactive Theorem Proving, {ITP}
                  2022, August 7-10, 2022, Haifa, Israel},
  series       = {LIPIcs},
  volume       = {237},
  publisher    = {Schloss Dagstuhl - Leibniz-Zentrum f{\"{u}}r Informatik},
  year         = {2022},
  url          = {https://www.dagstuhl.de/dagpub/978-3-95977-252-5},
  isbn         = {978-3-95977-252-5},
  timestamp    = {Fri, 23 Feb 2024 19:38:58 +0100},
  biburl       = {https://dblp.org/rec/conf/itp/2022.bib},
  bibsource    = {dblp computer science bibliography, https://dblp.org}
}

@inproceedings{DBLP:conf/cade/JakubuvCOP0U20,
  author       = {Jan Jakubuv and
                  Karel Chvalovsk{\'{y}} and
                  Miroslav Ols{\'{a}}k and
                  Bartosz Piotrowski and
                  Martin Suda and
                  Josef Urban},
  title        = {{ENIGMA} Anonymous: Symbol-Independent Inference Guiding Machine (System
                  Description)},
  booktitle    = {Automated Reasoning - 10th International Joint Conference, {IJCAR}
                  2020, Paris, France, July 1-4, 2020, Proceedings, Part {II}},
  pages        = {448--463},
  year         = {2020},
  crossref     = {DBLP:conf/cade/2020-2},
  url          = {https://doi.org/10.1007/978-3-030-51054-1\_29},
  doi          = {10.1007/978-3-030-51054-1\_29},
  timestamp    = {Fri, 09 Apr 2021 18:50:52 +0200},
  biburl       = {https://dblp.org/rec/conf/cade/JakubuvCOP0U20.bib},
  bibsource    = {dblp computer science bibliography, https://dblp.org}
}
@proceedings{DBLP:conf/cade/2020-2,
  editor       = {Nicolas Peltier and
                  Viorica Sofronie{-}Stokkermans},
  title        = {Automated Reasoning - 10th International Joint Conference, {IJCAR}
                  2020, Paris, France, July 1-4, 2020, Proceedings, Part {II}},
  series       = {Lecture Notes in Computer Science},
  volume       = {12167},
  publisher    = {Springer},
  year         = {2020},
  url          = {https://doi.org/10.1007/978-3-030-51054-1},
  doi          = {10.1007/978-3-030-51054-1},
  isbn         = {978-3-030-51053-4},
  timestamp    = {Fri, 23 Feb 2024 19:40:57 +0100},
  biburl       = {https://dblp.org/rec/conf/cade/2020-2.bib},
  bibsource    = {dblp computer science bibliography, https://dblp.org}
}

@inproceedings{DBLP:conf/cade/ChvalovskyJ0U19,
  author       = {Karel Chvalovsk{\'{y}} and
                  Jan Jakubuv and
                  Martin Suda and
                  Josef Urban},
  title        = {{ENIGMA-NG:} Efficient Neural and Gradient-Boosted Inference Guidance
                  for {E}},
  booktitle    = {Automated Deduction - {CADE} 27 - 27th International Conference on
                  Automated Deduction, Natal, Brazil, August 27-30, 2019, Proceedings},
  pages        = {197--215},
  year         = {2019},
  crossref     = {DBLP:conf/cade/2019},
  url          = {https://doi.org/10.1007/978-3-030-29436-6\_12},
  doi          = {10.1007/978-3-030-29436-6\_12},
  timestamp    = {Fri, 09 Apr 2021 18:50:53 +0200},
  biburl       = {https://dblp.org/rec/conf/cade/ChvalovskyJ0U19.bib},
  bibsource    = {dblp computer science bibliography, https://dblp.org}
}
@proceedings{DBLP:conf/cade/2019,
  editor       = {Pascal Fontaine},
  title        = {Automated Deduction - {CADE} 27 - 27th International Conference on
                  Automated Deduction, Natal, Brazil, August 27-30, 2019, Proceedings},
  series       = {Lecture Notes in Computer Science},
  volume       = {11716},
  publisher    = {Springer},
  year         = {2019},
  url          = {https://doi.org/10.1007/978-3-030-29436-6},
  doi          = {10.1007/978-3-030-29436-6},
  isbn         = {978-3-030-29435-9},
  timestamp    = {Fri, 23 Feb 2024 19:44:04 +0100},
  biburl       = {https://dblp.org/rec/conf/cade/2019.bib},
  bibsource    = {dblp computer science bibliography, https://dblp.org}
}

@inproceedings{DBLP:conf/cade/000121a,
  author       = {Martin Suda},
  title        = {Improving ENIGMA-style Clause Selection while Learning From History},
  booktitle    = {Automated Deduction - {CADE} 28 - 28th International Conference on
                  Automated Deduction, Virtual Event, July 12-15, 2021, Proceedings},
  pages        = {543--561},
  year         = {2021},
  crossref     = {DBLP:conf/cade/2021},
  url          = {https://doi.org/10.1007/978-3-030-79876-5\_31},
  doi          = {10.1007/978-3-030-79876-5\_31},
  timestamp    = {Thu, 29 Jul 2021 13:42:16 +0200},
  biburl       = {https://dblp.org/rec/conf/cade/000121a.bib},
  bibsource    = {dblp computer science bibliography, https://dblp.org}
}

@inproceedings{DBLP:conf/lpar/ChvalovskyKPU23,
  author       = {Karel Chvalovsk{\'{y}} and
                  Konstantin Korovin and
                  Jelle Piepenbrock and
                  Josef Urban},
  title        = {Guiding an Instantiation Prover with Graph Neural Networks},
  booktitle    = {{LPAR} 2023: Proceedings of 24th International Conference on Logic
                  for Programming, Artificial Intelligence and Reasoning, Manizales,
                  Colombia, 4-9th June 2023},
  pages        = {112--123},
  year         = {2023},
  crossref     = {DBLP:conf/lpar/2023},
  url          = {https://doi.org/10.29007/tp23},
  doi          = {10.29007/TP23},
  timestamp    = {Wed, 12 Jul 2023 16:50:32 +0200},
  biburl       = {https://dblp.org/rec/conf/lpar/ChvalovskyKPU23.bib},
  bibsource    = {dblp computer science bibliography, https://dblp.org}
}

% Common
@proceedings{DBLP:conf/cade/2021,
  editor       = {Andr{\'{e}} Platzer and
                  Geoff Sutcliffe},
  title        = {Automated Deduction - {CADE} 28 - 28th International Conference on
                  Automated Deduction, Virtual Event, July 12-15, 2021, Proceedings},
  series       = {Lecture Notes in Computer Science},
  volume       = {12699},
  publisher    = {Springer},
  year         = {2021},
  url          = {https://doi.org/10.1007/978-3-030-79876-5},
  doi          = {10.1007/978-3-030-79876-5},
  isbn         = {978-3-030-79875-8},
  timestamp    = {Fri, 23 Feb 2024 15:02:04 +0100},
  biburl       = {https://dblp.org/rec/conf/cade/2021.bib},
  bibsource    = {dblp computer science bibliography, https://dblp.org}
}
@proceedings{DBLP:conf/lpar/2023,
  editor       = {Ruzica Piskac and
                  Andrei Voronkov},
  title        = {{LPAR} 2023: Proceedings of 24th International Conference on Logic
                  for Programming, Artificial Intelligence and Reasoning, Manizales,
                  Colombia, 4-9th June 2023},
  series       = {EPiC Series in Computing},
  volume       = {94},
  publisher    = {EasyChair},
  year         = {2023},
  url          = {https://www.easychair.org/publications/volume/LPAR\_2023},
  timestamp    = {Fri, 23 Feb 2024 20:09:43 +0100},
  biburl       = {https://dblp.org/rec/conf/lpar/2023.bib},
  bibsource    = {dblp computer science bibliography, https://dblp.org}
}
